@book{Fowler,
 author = {Fowler, M},
 title = {Domain Specific Languages},
 publisher = {Addison-Wesley Professional}
 year = {2010},
 address = {Boston},
 isbn = {0321712949780321712943},

}

@manual{Xtext,
 author = {Behrens, H and Clay, M and Efftinge, S and Eysholdt, M and Friese, P},
 title = {Xtext User Guide},
 url = {https://www.eclipse.org/Xtext/documentation/1_0_1/xtext.pdf},
 year = {2008},
}

@phdthesis{Czarnecki98,
 author = {Czarnecki, K},
 title = {Generative Programming: Principles and Techniques of Software Engineering Based on Automated Configuration and Fragment-Based Component Models},
 address = {Germany, Ilmenau},
 school = {Technische Universit at Ilmenau},
 year = {1998},
 note = {Department of Computer Science and Automation, Vedoucí práce Prof. Dr. U. W. Eisenecker}
}

@misc{Ceg98,
 author = {Czarnecki, K and Eisenecker, U and Glück, R },
 title = {Generative Programming and Active Libraries},
 howpublished = {Draft submitted for publication},
 year = {1998}
}

@misc{Czarneckia05,
 author = {Czarnecki, K and Helsen, S and Eisenecker, U},
 title = {Formalizing Cardinality-based Feature Models and their Specialization},
 year = {2005},
 note = {Canada, Waterloo: University of Waterloo}
}

@article{Czarneckib05,
 author = {Czarnecki, K and Helsen, S and Eisenecker, U},
 title = {Staged Configuration Through Specialization and Multilevel Configuration of Feature Models},
 journal = {Software Process: Improvement and Practice},
 year = {2005},
 volume = {10},
 DOI = {10.1002/spip.225}
}

@manual{Pure13,
 author = {pure–systems GmbH},
 title = {pure::variants User's Guide},
 organization = {pure-systems},
 address = {[s.l.]},
 year = {2013},
 url = {http://www.pure-systems.com/fileadmin/downloads/pure-variants/doc/pv-user-manual.pdf}
}

@misc{Rieb02,
 author = {Riebisch, M and Böllert, K and Streitferdt, D and Philippow, I},
 title = {Extending Feature Diagrams with UML Multiplicities},
 year = {2002},
 note = {Germany, Ilmenau: Ilmenau Technical University}
}

@techreport{Pas05, 
 author = {Pasetti, A and Rohlík, O},
 title = {Technical Note on a Concept for the XFeature Tool},
 address = {[s.l.]},
 institution = {P\&P Software},
 year = {2005},
 url = {http://www.pnp-software.com/XFeature/pdf/XFeatureToolConcept.pdf}
}

@misc{Ant04,
 author = {Antkiewicz, M and Czarnecki, K},
 title = {FeaturePlugin: Feature Modeling Plug-In for Eclipse},
 howpublished = {Publikováno na konferenci The 2004 OOPSLA Workshop on Eclipse Technology eXchange},
 year = {2004},
 note ={Canada, WaterLoo: University of Waterloo, 2004}
}
